<record><leader>00000cas a22000007a 4500</leader><controlfield tag="001">14364359</controlfield><controlfield tag="008">861008d18781882iauwr ne      0    0eng d</controlfield><datafield ind1=" " ind2=" " tag="010"><subfield code="a">sn 86061107 </subfield></datafield><datafield ind1=" " ind2=" " tag="040"><subfield code="a">INP</subfield><subfield code="b">eng</subfield><subfield code="c">INP</subfield><subfield code="d">OCLCQ</subfield></datafield><datafield ind1=" " ind2=" " tag="042"><subfield code="a">msc</subfield></datafield><datafield ind1="0" ind2=" " tag="130"><subfield code="a">West Point appeal (West Point, Iowa : 1878)</subfield></datafield><datafield ind1="1" ind2="0" tag="245"><subfield code="a">West Point appeal.</subfield></datafield><datafield ind1=" " ind2=" " tag="260"><subfield code="a">West Point, Lee County, Iowa :</subfield><subfield code="b">Allison Leadley,</subfield><subfield code="c">1878-1882.</subfield></datafield><datafield ind1=" " ind2=" " tag="300"><subfield code="a">5 v. :</subfield><subfield code="b">ill. (chiefly advertisements)</subfield></datafield><datafield ind1=" " ind2=" " tag="310"><subfield code="a">Weekly</subfield></datafield><datafield ind1="0" ind2=" " tag="362"><subfield code="a">Vol. 1, no. 1 (June 7, 1878)-v. 5, no. 10 (Aug. 18, 1882).</subfield></datafield><datafield ind1=" " ind2=" " tag="500"><subfield code="a">Published on Friday.</subfield></datafield><datafield ind1=" " ind2=" " tag="500"><subfield code="a">Publisher varies.</subfield></datafield><datafield ind1=" " ind2=" " tag="752"><subfield code="a">United States</subfield><subfield code="b">Iowa</subfield><subfield code="c">Lee</subfield><subfield code="d">West Point.</subfield></datafield></record>